<record xmlns="http://www.loc.gov/MARC21/slim" xmlns:xsi="http://www.w3.org/2001/XMLSchema-instance" xsi:schemaLocation="http://www.loc.gov/MARC21/slim http://www.loc.gov/standards/marcxml/schema/MARC21slim.xsd"><leader>02602nam a2200481   4500</leader><controlfield tag="001">1684402</controlfield><controlfield tag="003">NIC</controlfield><controlfield tag="006">m        d        </controlfield><controlfield tag="007">cr cn |||m|||a</controlfield><controlfield tag="008">150113s1951    ua a    ob    000 0 arar </controlfield><datafield ind1=" " ind2=" " tag="040"><subfield code="a">NNU</subfield><subfield code="b">eng</subfield><subfield code="e">rda</subfield><subfield code="c">NNU</subfield></datafield><datafield ind1=" " ind2=" " tag="043"><subfield code="a">ma-----</subfield><subfield code="a">f-ua---</subfield></datafield><datafield ind1="0" ind2="0" tag="050"><subfield code="a">PJ7541</subfield><subfield code="b">.H348 1951</subfield></datafield><datafield ind1="1" ind2=" " tag="100"><subfield code="6">880-01</subfield><subfield code="a">H&#803;asan, &#699;Abba&#772;s.</subfield></datafield><datafield ind1="1" ind2="3" tag="245"><subfield code="6">880-02</subfield><subfield code="a">al-Mutanabbi&#772; wa-Shawqi&#772; :</subfield><subfield code="b">dira&#772;sah wa-naqd wa-muwa&#772;zanah /</subfield><subfield code="c">ta&#700;li&#772;f &#699;Abba&#772;s H&#803;asan.</subfield></datafield><datafield ind1=" " ind2=" " tag="250"><subfield code="6">880-03</subfield><subfield code="a">al-T&#803;ab&#699;ah 1.</subfield></datafield><datafield ind1=" " ind2=" " tag="260"><subfield code="6">880-04</subfield><subfield code="a">[al-Qa&#772;hirah] Mis&#803;r :</subfield><subfield code="b">Sharikat Maktabat wa-Mat&#803;ba&#699;at Mus&#803;t&#803;afa&#769; al-Ba&#772;bi&#772; al-H&#803;alabi&#772; wa Awla&#772;dih,</subfield><subfield code="c">1951.</subfield></datafield><datafield ind1=" " ind2=" " tag="300"><subfield code="a">online resource (434 pages) :</subfield><subfield code="b">illustrations</subfield></datafield><datafield ind1=" " ind2=" " tag="336"><subfield code="a">text</subfield><subfield code="2">rdacontent</subfield></datafield><datafield ind1=" " ind2=" " tag="337"><subfield code="a">computer</subfield><subfield code="2">rdamedia</subfield></datafield><datafield ind1=" " ind2=" " tag="338"><subfield code="a">online resource</subfield><subfield code="2">rdacarrier</subfield></datafield><datafield ind1=" " ind2=" " tag="500"><subfield code="a">Part of the Arabic Collections Online (ACO) project, contributed by Cornell University Libraries.</subfield></datafield><datafield ind1=" " ind2=" " tag="504"><subfield code="a">Includes bibliographical references.</subfield></datafield><datafield ind1=" " ind2=" " tag="533"><subfield code="a">Electronic reproduction.</subfield><subfield code="b">New York, N.Y. :</subfield><subfield code="c">New York University,</subfield><subfield code="d">2015.</subfield><subfield code="5">NNU</subfield></datafield><datafield ind1=" " ind2="0" tag="650"><subfield code="a">Arabic poetry</subfield><subfield code="x">History and criticism.</subfield></datafield><datafield ind1="1" ind2="0" tag="600"><subfield code="6">880-05</subfield><subfield code="a">Mutanabbi&#772;, Abu&#772; al-T&#803;ayyib Ah&#803;mad ibn al-H&#803;usayn,</subfield><subfield code="d">915 or 916-965</subfield><subfield code="x">Criticism and interpretation.</subfield></datafield><datafield ind1="1" ind2="0" tag="600"><subfield code="6">880-06</subfield><subfield code="a">Shawqi&#772;, Ah&#803;mad,</subfield><subfield code="d">1868-1932</subfield><subfield code="x">Criticism and interpretation.</subfield></datafield><datafield ind1="1" ind2="7" tag="600"><subfield code="a">Mutanabbi&#772;, Abu&#772; al-T&#803;ayyib Ah&#803;mad ibn al-H&#803;usayn,</subfield><subfield code="d">915 or 916-965</subfield><subfield code="2">fast</subfield><subfield code="0">(OCoLC)fst01836609</subfield></datafield><datafield ind1="1" ind2="7" tag="600"><subfield code="a">Shawqi&#772;, Ah&#803;mad,</subfield><subfield code="d">1868-1932</subfield><subfield code="2">fast</subfield><subfield code="0">(OCoLC)fst00101111</subfield></datafield><datafield ind1=" " ind2="7" tag="650"><subfield code="a">Arabic poetry.</subfield><subfield code="2">fast</subfield><subfield code="0">(OCoLC)fst00812533</subfield></datafield><datafield ind1=" " ind2="7" tag="655"><subfield code="a">Criticism, interpretation, etc.</subfield><subfield code="2">fast</subfield><subfield code="0">(OCoLC)fst01411635</subfield></datafield><datafield ind1="2" ind2=" " tag="710"><subfield code="a">Cornell University.</subfield><subfield code="b">Libraries.</subfield></datafield><datafield ind1="0" ind2=" " tag="730"><subfield code="a">Arabic Collections Online.</subfield></datafield><datafield ind1="0" ind2="8" tag="776"><subfield code="i">Print version:</subfield><subfield code="a">H&#803;asan, &#699;Abba&#772;s.</subfield><subfield code="t">al-Mutanabbi&#772; wa-Shawqi&#772;</subfield><subfield code="w">(NIC)1684402</subfield><subfield code="w">(DLC)   89960887 </subfield><subfield code="w">(OCoLC)24215231</subfield></datafield><datafield ind1="4" ind2="0" tag="856"><subfield code="u">http://hdl.handle.net/2333.1/v6wwq1rp</subfield></datafield><datafield ind1="1" ind2=" " tag="880"><subfield code="6">100-01/r</subfield><subfield code="a">&#1581;&#1587;&#1606;&#1548; &#1593;&#1576;&#1575;&#1587;.</subfield></datafield><datafield ind1="1" ind2="2" tag="880"><subfield code="6">245-02/r</subfield><subfield code="a">&#1575;&#1604;&#1605;&#1578;&#1606;&#1576;&#1610; &#1608;&#1588;&#1608;&#1602;&#1610; :</subfield><subfield code="b">&#1583;&#1585;&#1575;&#1587;&#1577; &#1608;&#1606;&#1602;&#1583; &#1608;&#1605;&#1608;&#1575;&#1586;&#1606;&#1577; /</subfield><subfield code="c">&#1578;&#1571;&#1604;&#1610;&#1601; &#1593;&#1576;&#1575;&#1587; &#1581;&#1587;&#1606;.</subfield></datafield><datafield ind1=" " ind2=" " tag="880"><subfield code="6">250-03/r</subfield><subfield code="a">&#1575;&#1604;&#1591;&#1576;&#1593;&#1577; 1.</subfield></datafield><datafield ind1=" " ind2=" " tag="880"><subfield code="6">260-04/r</subfield><subfield code="a">[&#1575;&#1604;&#1602;&#1575;&#1607;&#1585;&#1577;] &#1605;&#1589;&#1585; :</subfield><subfield code="b">&#1588;&#1585;&#1603;&#1577; &#1605;&#1603;&#1578;&#1576;&#1577; &#1608;&#1605;&#1591;&#1576;&#1593;&#1577; &#1605;&#1589;&#1591;&#1601;&#1609; &#1575;&#1604;&#1576;&#1575;&#1576;&#1610; &#1575;&#1604;&#1581;&#1604;&#1576;&#1610; &#1608; &#1575;&#1608;&#1604;&#1575;&#1583;&#1607;&#1548;</subfield><subfield code="c">1951.</subfield></datafield><datafield ind1="1" ind2="4" tag="880"><subfield code="6">600-05/r</subfield><subfield code="a">&#1605;&#1578;&#1606;&#1576;&#1610;&#1548; &#1575;&#1576;&#1608; &#1575;&#1604;&#1591;&#1610;&#1576; &#1575;&#1581;&#1605;&#1583; &#1576;&#1606; &#1575;&#1604;&#1581;&#1587;&#1610;&#1606;&#1548;</subfield><subfield code="d">915 or 916-965</subfield><subfield code="x">Criticism and interpretation.</subfield></datafield><datafield ind1="1" ind2="4" tag="880"><subfield code="6">600-06/r</subfield><subfield code="a">&#1588;&#1608;&#1602;&#1610;&#1548; &#1575;&#1581;&#1605;&#1583;&#1548;</subfield><subfield code="d">1868-1932</subfield><subfield code="x">Criticism and interpretation.</subfield></datafield><datafield ind1=" " ind2=" " tag="959"><subfield code="a">NNU</subfield><subfield code="b">WEB</subfield><subfield code="c">GENI</subfield><subfield code="t">0</subfield><subfield code="m">Electronic access</subfield><subfield code="s">01</subfield></datafield><datafield ind1=" " ind2=" " tag="999"><subfield code="i">NIC_1684402</subfield><subfield code="o">(OCoLC)ocm24215231</subfield><subfield code="e">ok</subfield></datafield></record>